
% Journals

% First the Full Name is given, then the abbreviation used in the AMS Math
% Reviews, with an indication if it could not be found there.
% Note the 2nd overwrites the 1st, so swap them if you want the full name.

%{AMS}
@String{AMSTrans = "American Mathematical Society Translations" }
@String{AMSTrans = "Amer. Math. Soc. Transl." }
@String{BullAMS = "Bulletin of the American Mathematical Society" }
@String{BullAMS = "Bull. Amer. Math. Soc." }
@String{ProcAMS = "Proceedings of the American Mathematical Society" }
@String{ProcAMS = "Proc. Amer. Math. Soc." }
@String{TransAMS = "Transactions of the American Mathematical Society" }
@String{TransAMS = "Trans. Amer. Math. Soc." }

%ACM
@String{CACM = "Communications of the {ACM}" }
@String{CACM = "Commun. {ACM}" }
@String{CompServ = "Comput. Surveys" }
@String{JACM = "J. ACM" }
@String{ACMMathSoft = "{ACM} Transactions on Mathematical Software" }
@String{ACMMathSoft = "{ACM} Trans. Math. Software" }
@String{SIGNUM = "{ACM} {SIGNUM} Newsletter" }
@String{SIGNUM = "{ACM} {SIGNUM} Newslett." }

@String{AmerSocio = "American Journal of Sociology" }
@String{AmerStatAssoc = "Journal of the American Statistical Association" }
@String{AmerStatAssoc = "J. Amer. Statist. Assoc." }
@String{ApplMathComp = "Applied Mathematics and Computation" }
@String{ApplMathComp = "Appl. Math. Comput." }
@String{AmerMathMonthly = "American Mathematical Monthly" }
@String{AmerMathMonthly = "Amer. Math. Monthly" }
@String{BIT = "{BIT}" }
@String{BritStatPsych = "British Journal of Mathematical and Statistical
	Psychology" }
@String{BritStatPsych = "Brit. J. Math. Statist. Psych." }
@String{CanMathBull = "Canadian Mathematical Bulletin" }
@String{CanMathBull = "Canad. Math. Bull." }
@String{CompApplMath = "Journal of Computational and Applied Mathematics" }
@String{CompApplMath = "J. Comput. Appl. Math." }
@String{CompPhys = "Journal of Computational Physics" }
@String{CompPhys = "J. Comput. Phys." }
@String{CompStruct = "Computers and Structures" }
@String{CompStruct = "Comput. \& Structures" }
@String{CompJour = "The Computer Journal" }
@String{CompJour = "Comput. J." }
@String{CompSysSci = "Journal of Computer and System Sciences" }
@String{CompSysSci = "J. Comput. System Sci." }
@String{Computing = "Computing" }
@String{ContempMath = "Contemporary Mathematics" }
@String{ContempMath = "Contemp. Math." }
@String{Crelle = "Crelle's Journal" }
@String{GiornaleMath = "Giornale di Mathematiche" }
@String{GiornaleMath = "Giorn. Mat." } % didn't find in AMS MR., ibid.

%IEEE
@String{Computer = "{IEEE} Computer" }
@String{IEEETransComp = "{IEEE} Transactions on Computers" }
@String{IEEETransComp = "{IEEE} Trans. Comput." }
@String{IEEETransAC = "{IEEE} Transactions on Automatic Control" }
@String{IEEETransAC = "{IEEE} Trans. Automat. Control" }
@String{IEEESpec = "{IEEE} Spectrum" } % didn't find in AMS MR
@String{ProcIEEE = "Proceedings of the {IEEE}" }
@String{ProcIEEE = "Proc. {IEEE}" } % didn't find in AMS MR
@String{IEEETransAeroElec = "{IEEE} Transactions on Aerospace and Electronic
	Systems" }
@String{IEEETransAeroElec = "{IEEE} Trans. Aerospace Electron. Systems" }

@String{IMANumerAna = "{IMA} Journal of Numerical Analysis" }
@String{IMANumerAna = "{IMA} J. Numer. Anal." }
@String{InfProcLet = "Information Processing Letters" }
@String{InfProcLet = "Inform. Process. Lett." }
@String{InstMathApp = "Journal of the Institute of Mathematics and
	its Applications" }
@String{InstMathApp = "J. Inst. Math. Appl." }
@String{IntControl = "International Journal of Control" }
@String{IntControl = "Internat. J. Control" }
@String{IntNumerEng = "International Journal for Numerical Methods in
	Engineering" }
@String{IntNumerEng = "Internat. J. Numer. Methods Engrg." }
@String{IntSuper = "International Journal of Supercomputing Applications" }
@String{IntSuper = "Internat. J. Supercomputing Applic." } % didn't find
%% in AMS MR
@String{Kibernetika = "Kibernetika" }
@String{JResNatBurStand = "Journal of Research of the National Bureau
	of Standards" }
@String{JResNatBurStand = "J. Res. Nat. Bur. Standards" }
@String{LinAlgApp = "Linear Algebra and its Applications" }
@String{LinAlgApp = "Linear Algebra Appl." }
@String{MathAnaAppl = "Journal of Mathematical Analysis and Applications" }
@String{MathAnaAppl = "J. Math. Anal. Appl." }
@String{MathAnnalen = "Mathematische Annalen" }
@String{MathAnnalen = "Math. Ann." }
@String{MathPhys = "Journal of Mathematical Physics" }
@String{MathPhys = "J. Math. Phys." }
@String{MathComp = "Mathematics of Computation" }
@String{MathComp = "Math. Comp." }
@String{MathScand = "Mathematica Scandinavica" }
@String{MathScand = "Math. Scand." }
@String{TablesAidsComp = "Mathematical Tables and Other Aids to Computation" }
@String{TablesAidsComp = "Math. Tables Aids Comput." }
@String{NumerMath = "Numerische Mathematik" }
@String{NumerMath = "Numer. Math." }
@String{PacificMath = "Pacific Journal of Mathematics" }
@String{PacificMath = "Pacific J. Math." }
@String{ParDistComp = "Journal of Parallel and Distributed Computing" }
@String{ParDistComp = "J. Parallel and Distrib. Comput." } % didn't find
%% in AMS MR
@String{ParComputing = "Parallel Computing" }
@String{ParComputing = "Parallel Comput." }
@String{PhilMag = "Philosophical Magazine" }
@String{PhilMag = "Philos. Mag." }
@String{ProcNAS = "Proceedings of the National Academy of Sciences
	of the USA" }
@String{ProcNAS = "Proc. Nat. Acad. Sci. U. S. A." }
@String{Psychometrika = "Psychometrika" }
@String{QuartMath = "Quarterly Journal of Mathematics, Oxford, Series (2)" }
@String{QuartMath = "Quart. J. Math. Oxford Ser. (2)" }
@String{QuartApplMath = "Quarterly of Applied Mathematics" }
@String{QuartApplMath = "Quart. Appl. Math." }
@String{RevueInstStat = "Review of the International Statisical Institute" }
@String{RevueInstStat = "Rev. Inst. Internat. Statist." }

%SIAM
@String{JSIAM = "Journal of the Society for Industrial and Applied
	Mathematics" }
@String{JSIAM = "J. Soc. Indust. Appl. Math." }
@String{JSIAMB = "Journal of the Society for Industrial and Applied
	Mathematics, Series B, Numerical Analysis" }
@String{JSIAMB = "J. Soc. Indust. Appl. Math. Ser. B Numer. Anal." }
@String{SIAMAlgMeth = "{SIAM} Journal on Algebraic and Discrete Methods" }
@String{SIAMAlgMeth = "{SIAM} J. Algebraic Discrete Methods" }
@String{SIAMAppMath = "{SIAM} Journal on Applied Mathematics" }
@String{SIAMAppMath = "{SIAM} J. Appl. Math." }
@String{SIAMComp = "{SIAM} Journal on Computing" }
@String{SIAMComp = "{SIAM} J. Comput." }
@String{SIAMMatrix = "{SIAM} Journal on Matrix Analysis and Applications" }
@String{SIAMMatrix = "{SIAM} J. Matrix Anal. Appl." }
@String{SIAMNumAnal = "{SIAM} Journal on Numerical Analysis" }
@String{SIAMNumAnal = "{SIAM} J. Numer. Anal." }
@String{SIAMReview = "{SIAM} Review" }
@String{SIAMReview = "{SIAM} Rev." }
@String{SIAMSciStat = "{SIAM} Journal on Scientific and Statistical
	Computing" }
@String{SIAMSciStat = "{SIAM} J. Sci. Statist. Comput." }

@String{SoftPracExp = "Software Practice and Experience" }
@String{SoftPracExp = "Software Prac. Experience" } % didn't find in AMS MR
@String{StatScience = "Statistical Science" }
@String{StatScience = "Statist. Sci." }
@String{Techno = "Technometrics" }
@String{USSRCompMathPhys = "{USSR} Computational Mathematics and Mathematical
	Physics" }
@String{USSRCompMathPhys = "{U. S. S. R.} Comput. Math. and Math. Phys." }
@String{VLSICompSys = "Journal of {VLSI} and Computer Systems" }
@String{VLSICompSys = "J. {VLSI} Comput. Syst." }
@String{ZAngewMathMech = "Zeitschrift fur Angewandte Mathematik und
	Mechanik" }
@String{ZAngewMathMech = "Z. Angew. Math. Mech." }
@String{ZAngewMathPhys = "Zeitschrift fur Angewandte Mathematik und Physik" }
@String{ZAngewMathPhys = "Z. Angew. Math. Phys." }

% Publishers % ================================================= |

@String{Academic = "Academic Press" }
@String{ACMPress = "{ACM} Press" }
@String{AdamHilger = "Adam Hilger" }
@String{AddisonWesley = "Addison-Wesley" }
@String{AllynBacon = "Allyn and Bacon" }
@String{AMS = "American Mathematical Society" }
@String{Birkhauser = "Birkha{\"u}ser" }
@String{CambridgePress = "Cambridge University Press" }
@String{Chelsea = "Chelsea" }
@String{ClaredonPress = "Claredon Press" }
@String{DoverPub = "Dover Publications" }
@String{Eyolles = "Eyolles" }
@String{HoltRinehartWinston = "Holt, Rinehart and Winston" }
@String{Interscience = "Interscience" }
@String{JohnsHopkinsPress = "The Johns Hopkins University Press" }
@String{JohnWileySons = "John Wiley and Sons" }
@String{Macmillan = "Macmillan" }
@String{MathWorks = "The Math Works Inc." }
@String{McGrawHill = "McGraw-Hill" }
@String{NatBurStd = "National Bureau of Standards" }
@String{NorthHolland = "North-Holland" }
@String{OxfordPress = "Oxford University Press" }  %address Oxford or London?
@String{PergamonPress = "Pergamon Press" }
@String{PlenumPress = "Plenum Press" }
@String{PrenticeHall = "Prentice-Hall" }
@String{SIAMPub = "{SIAM} Publications" }
@String{Springer = "Springer-Verlag" }
@String{TexasPress = "University of Texas Press" }
@String{VanNostrand = "Van Nostrand" }
@String{WHFreeman = "W. H. Freeman and Co." }

%Entries

@INPROCEEDINGS{4,
	author    = {Walz, Steffen},
	booktitle = {The Gameful World: Approaches, Issues, Applications},
	year      = {2015},
	publisher = {MIT Press},
	isbn      = {9780262325721},
	numpages  = {31},
}

@Online{3e,
	Title                    = {The History Of Gamification: From The Very Beginning To Right Now},
	Author                   = {{Growth Engineering}},
	Year                     = {2019},
	url                      = {https://www.growthengineering.co.uk/history-of-gamification/},
}

@Online{5,
	Title                    = {Gamification},
	Author                   = {{Wikipedia}},
	Year                     = {2020},
	url                      = {https://en.wikipedia.org/wiki/Gamification},
}

@Online{6,
	Title                    = {Gaming Can Make a Better World},
	Author                   = {Jane McGonigal},
	Year                     = {2010},
	url                      = {https://www.ted.com/talks/jane_mcgonigal_gaming_can_make_a_better_world?language=en#t-1184578},
}

@Online{7,
	Title                    = {{CHI}},
	Author                   = {{Gamification: Using Game-Design Elements in Non-Gaming Contexts}},
	Year                     = {2011},
	url                      = {http://chi2011.org/communities/games/index.html},
}

@Online{11,
	Title                    = {Data Aggregation},
	Author                   = {{Wikipedia}},
	Year                     = {2020},
	url                      = {https://en.wikipedia.org/wiki/Data_aggregation},
}

@Online{8,
	Title                    = {Pokémon Go catches five new world records},
	Author                   = {Rachel Swatman},
	Year                     = {2016},
	url                      = {https://www.guinnessworldrecords.com/news/2016/8/pokemon-go-catches-five-world-records-439327},
}

@INPROCEEDINGS{9,
	author    = {Silverman, Rachel},
	title = {Latest Game Theory: Mixing Work and Play — Companies Adopt gaming Techniques to Motivate Employees},
	year      = {2011},
	publisher = {Wallstreet Journal},
}

@Online{10,
	Title                    = {Gamification and Law or How to stay out of Prison despite Gamification},
	Author                   = {Mario Herger},
	Year                     = {2012},
	url                      =  {https://web.archive.org/web/20120425121358/http:/enterprise-gamification.com/index.php/en/blog/4-blog/65-gamification-and-law-or-how-to-stay-out-of-prison-despite-gamification},
}

@Online{12,
	Title                    = {The Science Behind Gamification and Why it Works},
	Author                   = {{Wranx}},
	Year                     = {2014},
	url                      = {https://blog.wranx.com/the-science-behind-gamification-and-why-it-works},
}

@Online{13,
	Title                    = {The Science Behind Gamification: Why It Works},
	Author                   = {Jenny Coppola},
	Year                     = {2017},
	url                      = {https://wistia.com/learn/marketing/the-science-behind-gamification},
}

@Online{14,
	Title                    = {What Is Dopamine?},
	Author                   = {{Web MD}},
	Year                     = {2020},
	url                      = {https://www.webmd.com/mental-health/what-is-dopamine#1},
}

@Online{15,
	Title                    = {Brain Reward Pathways},
	Author                   = {{Neuroscience Department Laboratories}},
	Year                     = {2020},
	url                      = {https://neuroscience.mssm.edu/nestler/brainRewardpathways.html},
}

@Online{16,
	Title                    = {Three Critical Elements Sustain Motivation},
	Author                   = {Daisy Yuhas},
	Year                     = {2012},
	url                      = {https://www.scientificamerican.com/article/three-critical-elements-sustain-motivation/},
}

@Online{22,
	Title                    = {Gamification of Learning},
	Author                   = {{Wikipedia}},
	Year                     = {2020},
	url                      = {https://en.wikipedia.org/wiki/Gamification_of_learning},
}

@Online{24,
	Title                    = {5 Benefits of Gamification},
	Author                   = {Ashley Deese},
	Year                     = {2020},
	url                      = {https://ssec.si.edu/stemvisions-blog/5-benefits-gamification},
}

@Online{25,
	Title                    = {Using Gamification to Aid in Adolescent Development in the Classroom: Cognitive and Physical Processes Can Enhance Growth},
	Author                   = {Hashley Deese},
	Year                     = {2012},
	url                      = {http://www.ashleydeese.com/2012/09/26/using-gamification-to-aid-in-adolescent-development-in-the-classroom-cognitive-and-physical-processes-can-enhance-growth/},
}

@INPROCEEDINGS{26,
	author    = {Blum-Dimaya, Alyssa and Reeve, Sharon A. and Reeve, Kenneth F. and Hoch, Hannah},
	booktitle = {Education and Treatment of Children},
	title = {Teaching Children with Autism to Play a Video Game Using Activity Schedules and Game-Embedded Simultaneous Video Modeling },
	year      = {2010},
	publisher = {West Virginia University Press},
	pages  = {351--370},
}